% Dummy reference
@book{texbook,
  author = {Donald E. Knuth},
  year = {1986},
  title = {The {\TeX} Book},
  publisher = {Addison-Wesley Professional}
}

@book{de1987iluminação,
	title={Iluminação e fotometria: teoria e aplicação},
	author={de Araujo Moreira, V.},
	year={1987},
	publisher={E. Blucher}
}

@Manual{eaton2013,
  title = {Lighting Design Guide},
  organization = {Eaton’s Cooper Lighting and Safety Business},
  address = { South Yorkshire, England},
  year = {2013},
  url = {https://www.eaton.com/content/dam/eaton/markets/buildings/cooper-ls-brochure-lighting-design-guide.pdf},
}

@Manual{SchneiderGuide2015,
	title = {{Electrical Installation Guide. According to IEC international standards}},
	organization = {Schneider Electrical S.A.},
	year = {2015},
	url = {https://www.electrical-installation.org/enwiki/Main_Page},
}